
%% Saved with string encoding Unicode (UTF-8) 



@article{HDF5,
	Author = {Poinot, M.},
	Journal = {Computing in Science and Engineering},
	Pages = {84},
	Title = {{Five Good Reasons to Use the Hierarchical Data Format}},
	Volume = {12(5)},
	Year = {2010},
	}
